@article{paisley2015nested,
  title={Nested hierarchical Dirichlet processes},
  author={Paisley, John and Wang, Chong and Blei, David M and Jordan, Michael I},
  journal={IEEE Transactions on Pattern Analysis and Machine Intelligence},
  volume={37},
  number={2},
  pages={256--270},
  year={2015},
  publisher={IEEE}
},

@article{blei2010nested,
  title={The nested chinese restaurant process and bayesian nonparametric inference of topic hierarchies},
  author={Blei, David M and Griffiths, Thomas L and Jordan, Michael I},
  journal={Journal of the ACM (JACM)},
  volume={57},
  number={2},
  pages={7},
  year={2010},
  publisher={ACM}
},
