@inproceedings{minka2002ep,
  title={Expectation-propagation for the generative aspect model},
  author={Minka, Thomas and Lafferty, John},
  booktitle={Proceedings of the Eighteenth conference on Uncertainty in artificial intelligence},
  pages={352--359},
  year={2002},
  organization={Morgan Kaufmann Publishers Inc.}
},

@phdthesis{minka2001family,
  title={A family of algorithms for approximate Bayesian inference},
  author={Minka, Thomas Peter},
  year={2001},
  school={Massachusetts Institute of Technology}
},
