@article{paisley2015nhdp,
  title={Nested hierarchical Dirichlet processes},
  author={Paisley, John and Wang, Chong and Blei, David M and Jordan, Michael I},
  journal={IEEE Transactions on Pattern Analysis and Machine Intelligence},
  volume={37},
  number={2},
  pages={256--270},
  year={2015},
  publisher={IEEE}
},

@article{blei2010ncrp,
  title={The nested chinese restaurant process and bayesian nonparametric inference of topic hierarchies},
  author={Blei, David M and Griffiths, Thomas L and Jordan, Michael I},
  journal={Journal of the ACM (JACM)},
  volume={57},
  number={2},
  pages={7},
  year={2010},
  publisher={ACM}
},

@inproceedings{hofmann1999plsa,
  title={Probabilistic latent semantic analysis},
  author={Hofmann, Thomas},
  booktitle={Proceedings of the Fifteenth conference on Uncertainty in artificial intelligence},
  pages={289--296},
  year={1999},
  organization={Morgan Kaufmann Publishers Inc.}
},

@inproceedings{wang2009vi_ncrp,
  title={Variational inference for the nested Chinese restaurant process},
  author={Wang, Chong and Blei, David M},
  booktitle={Advances in Neural Information Processing Systems},
  pages={1990--1998},
  year={2009}
},

@article{ferguson1973bayesian,
  title={A Bayesian analysis of some nonparametric problems},
  author={Ferguson, Thomas S},
  journal={The annals of statistics},
  pages={209--230},
  year={1973},
  publisher={JSTOR}
},

@article{sethuraman1994constructive,
  title={A constructive definition of Dirichlet priors},
  author={Sethuraman, Jayaram},
  journal={Statistica sinica},
  pages={639--650},
  year={1994},
  publisher={JSTOR}
},
